<collection xmlns="http://www.loc.gov/MARC21/slim">
<record>
  <leader>01136nam0a2200217 i 450 </leader>
  <controlfield tag="001">IT\ICCU\CNCE\015559</controlfield>
  <controlfield tag="005">20040216000000.0</controlfield>
  <datafield tag="012" ind1=" " ind2=" ">
    <subfield code="a">taer i-na onel dera (C) 1595 (Q)</subfield>
    <subfield code="2">fei</subfield>
  </datafield>
  <datafield tag="100" ind1=" " ind2=" ">
    <subfield code="a">19970101f1595        0itac0103    ba</subfield>
  </datafield>
  <datafield tag="101" ind1=" " ind2=" ">
    <subfield code="a">ITA</subfield>
  </datafield>
  <datafield tag="102" ind1=" " ind2=" ">
    <subfield code="a">IT</subfield>
  </datafield>
  <datafield tag="200" ind1="1" ind2=" ">
    <subfield code="a">A deuoti fratelli, et sorelle della veneranda Compagnia della Carit,̉ et Concettione della gloriosissima beata Vergine Maria, eretta nella chiesa del Giardino ... in P. Noua di Milano</subfield>
  </datafield>
  <datafield tag="210" ind1=" " ind2=" ">
    <subfield code="a">In Milano</subfield>
    <subfield code="c">per Pandolfo Malatesta</subfield>
    <subfield code="d">\1595!</subfield>
  </datafield>
  <datafield tag="215" ind1=" " ind2=" ">
    <subfield code="a">\12! c.</subfield>
    <subfield code="c">ill.</subfield>
    <subfield code="d">8ʻ</subfield>
  </datafield>
  <datafield tag="300" ind1=" " ind2=" ">
    <subfield code="a">La data di stampa si ricava da c. A2v</subfield>
  </datafield>
  <datafield tag="620" ind1=" " ind2=" ">
    <subfield code="a">IT</subfield>
    <subfield code="d">Milano</subfield>
  </datafield>
  <datafield tag="710" ind1="0" ind2="2">
    <subfield code="a">Confraternita della Carit ̉e Concezione della Gloriosissima B. Vergine Maria del Giardino </subfield>
    <subfield code="c"> &lt;Milano&gt;</subfield>
    <subfield code="3">IT\ICCU\CNCT\004081</subfield>
  </datafield>
  <datafield tag="712" ind1="0" ind2="0">
    <subfield code="a">Malatesta, Pandolfo</subfield>
    <subfield code="3">IT\ICCU\CNCT\000146</subfield>
    <subfield code="4">650</subfield>
  </datafield>
  <datafield tag="791" ind1="0" ind2="2">
    <subfield code="a">Compagnia della Carit ̉e Concettione della Gloriosissima B. Vergine Maria</subfield>
    <subfield code="c"> &lt;Milano&gt;</subfield>
    <subfield code="3">IT\ICCU\CNCT\004082</subfield>
    <subfield code="z">Confraternita della Carit ̉e Concezione della Gloriosissima B. Vergine Maria del Giardino  &lt;Milano&gt;</subfield>
  </datafield>
  <datafield tag="801" ind1=" " ind2="3">
    <subfield code="a">IT</subfield>
    <subfield code="b">ICCU</subfield>
    <subfield code="c">20201114</subfield>
  </datafield>
  <datafield tag="899" ind1=" " ind2=" ">
    <subfield code="a">Biblioteca nazionale Braidense. Milano</subfield>
    <subfield code="1">MI0185</subfield>
    <subfield code="2">MIL NB</subfield>
  </datafield>
</record>
</collection>
